@incollection{gauss-fft,
 title={Nachlass: Theoria interpolationis methodo nova tractata},
 author={Gauss, C. F.},
 booktitle={Werke},
 year={1866},
 volume={3},
 pages={265-330},
 publisher={K\"onigliche Gesellschaft der Wissenschaften, G\"ottingem}
}

@article{cooleytukey-fft,
 title={An algorithm for the machine calculation of complex {Fourier} series},
 author={Cooley, J. W. and Tukey, J. W.},
 journal={Math. Comput.},
 volume={19},
 year={1965},
 pages={297-301},
 doi={10.2307/2003354}
}

@article{ahmed-dct,
 title={Discrete cosine transform},
 author={Ahmed, N. and Natarajan, T. and Rao, K. R.},
 journal={IEEE Trans. Computers},
 year={1974},
 volume={C-23},
 number={1},
 pages={90-93},
 doi={10.1109/T-C.1974.223784}
}

@book{ahmed-ort,
 title={Orthogonal transforms for digital signal processing},
 author={Ahmed, N. and Rao, K. R.},
 publisher={Springer-Verlag},
 address={Berlin and New York},
 year={1975},
 isbn={0387065563},
} 
 
@article{makhoul-fct,
 title={A fast cosine transform in one and two dimensions},
 author={Makhoul, J.},
 journal={IEEE Trans. Acoustics, Speech and Signal Processing},
 year={1980},
 volume={28},
 number={1},
 pages={27-34},
 doi={10.1109/TASSP.1980.1163351}
}

@article{rao-dst,
 title={On the computation and the effectiveness of discrete sine transform},
 author={Yip, P. and Rao, K. R.},
 journal={Computers and Electrical Engineering},
 volume={7},
 number={1},
 year={1980},
 pages={45-55},
 doi={10.1016/0045-7906(80)90018-X}
}

@article{lee-fct,
 title={A new algorithm to compute the discrete cosine transform},
 author={Lee, B. G.},
 journal={IEEE Trans. Acoustics, Speech and Signal Processing},
 year={1984},
 volume={ASSP-32},
 number={6},
 pages={1243-1245},
 doi={10.1109/TASSP.1984.1164443}
}

@article{fft-history,
 title={{Gauss} and the history of the fast {Fourier} transform},
 author={Heideman, M. T. and Johnson, D. H. and Burrus, C. S.},
 journal={Archive for History of Exact Sciences},
 volume={34},
 number={3},
 pages={265-277},
 year={1985}, 
 doi={10.1007/BF00348431}
}

@article{rao-fct,
 title={Fast decimation-in-time algorithms for a family of discrete sine and cosine transforms},
 author={Yip, P. and Rao, K. R.},
 journal={Circuits Systems Signal Process},
 volume={3},
 number={4},
 year={1984},
 pages={387-408},
 doi={10.1007/BF01599167}
}

@article{wang-1984,
 title={Fast algorithms for the discrete W transform and for the discrete Fourier transform},
 author={Wang, Z.},
 journal={IEEE Trans. Acoustics, Speech and Signal Processing},
 volume={32},
 number={4},
 year={1984},
 pages={803-816},
 doi={10.1109/TASSP.1984.1164399}
}


@article{martucci-dsct,
 title={Symmetric convolution and the discrete sine and cosine transforms},
 author={Martucci, S. A.},
 journal={IEEE Trans. Sig. Proc.},
 volume={42},
 number={5},
 year={1994},
 pages={1038-1051},
 doi={10.1109/78.295213}
}

@article{hegland-ordering,
 title={A self-sorting in-place fast {Fourier} transform algorithm suitable for vector and parallel processing},
 author={Hegland, Markus},
 journal={Numerische Mathematik},
 volume={68},
 pages={507-547},
 year={1994},
 doi={10.1007/s002110050074}
}


@article{strang-dct,
 title={The discrete cosine transform},
 author={Strang, G.},
 journal={SIAM Review},
 volume={41},
 number={1},
 year={1999},
 pages={135-147}
}


@article{sparse-fft-2006,
 title={Theoretical and experimental analysis of a randomized algorithm for {Sparse Fourier} transform analysis},
 author={Zou, J. and Gilbert, A. and Strauss, M. and Daubechies, I.},
 journal={J. Comp. Phys.},
 volume={211},
 pages={572-595},
 year={2006},
 doi={10.1016/j.jcp.2005.06.005}
}

@book{stein-fft,
 title={Introduction to Fourier Analysis on Euclidean Spaces},
 author={Stein, E. and Weiss, G.},
 year={1971},
 publisher={Princeton University Press},
 address={Princenton, N.J.},
 isbn={978-0-691-08078-9}
}


@article{kunis-2006,
 author={Fenn, M. and Kunis, S.  and  Potts, D.},
 title={Fast evaluation of trigonometric polynomials from hyperbolic crosses},
 journal={Num. Algorithms},
 volume={41},
 pages={339-352},
 year={2006},
 doi={10.1007/s11075-006-9017-7}
}


@article{sparse-tutorial-2008,
 title={A tutorial on fast {Fourier} sampling},
 author={Gilbert, A. C. and  Strauss, M. J. and Tropp, J. A.},
 journal={IEEE Signal Proc. Magazine},
 volume={25},
 number={2},
 pages={57-66},
 year={2008},
 doi={10.1109/MSP.2007.915000}
}


@techreport{aafft-2008,
 author={Iwen, M. A.},
 title={{AAFFT (Ann Arbor Fast Fourier Transform)}},
 type={Program code},
 year={2008},
 url={http://www.sourceforge.net/projects/aafftannarborfa/}
}

@article{iwen-2010,
 author={Iwen, M. A.},
 title={Combinatorial sublinear--time {Fourier} algorithms},
 journal={Found. Comput. Matem.},
 volume={10},
 pages={303-338},
 year={2010},
 doi={10.1007/s10208-009-9057-1}
}

@inproceedings{sfft-simple-2012,
 title={Simple and practical algorithm for sparse {Fourier} transform},
 author={Hassanieh, Haitham and  Indyk, Piotr and Katabi, Dina and Price, Eric},
 booktitle = {Proceedings of $23^\mathrm{rd}$ annual {ACM-SIAM} simposium on discrete mathematics},
 institution = {Kyoto, Japan},
 year={2012},
 pages={1183-1194},
 publisher={SIAM},
 isbn={CD-978-1-611972-11-5}
}

@techreport{sfft-optimal-2012,
 title={Nearly optimal sparse {Fourier} transform},
 author={Hassanieh, Haitham and  Indyk, Piotr and Katabi, Dina and Price, Eric},
 type={Preprint},
 number={arXiv:1201.2501 [cs.DS]},
 year={2012}
}


